<record><leader>00000cas a22000007a 4500</leader><controlfield tag="001">16159599</controlfield><controlfield tag="008">870710d18901895aluwr ne      0    0eng d</controlfield><datafield ind1=" " ind2=" " tag="010"><subfield code="a">sn 87050239 </subfield></datafield><datafield ind1=" " ind2=" " tag="040"><subfield code="a">CPN</subfield><subfield code="b">eng</subfield><subfield code="c">CPN</subfield><subfield code="d">OCLCQ</subfield></datafield><datafield ind1=" " ind2=" " tag="042"><subfield code="a">msc</subfield></datafield><datafield ind1="0" ind2="4" tag="245"><subfield code="a">The Daphne times.</subfield></datafield><datafield ind1=" " ind2=" " tag="260"><subfield code="a">Daphne, Ala. :</subfield><subfield code="b">George J. Smith,</subfield><subfield code="c">1890-1895.</subfield></datafield><datafield ind1=" " ind2=" " tag="310"><subfield code="a">Weekly</subfield></datafield><datafield ind1="0" ind2=" " tag="362"><subfield code="a">Vol. 1, no. 1 (May 26, 1890)-v. 5, no. 45 (Mar. 28, 1895).</subfield></datafield><datafield ind1=" " ind2=" " tag="500"><subfield code="a">Day of publication varies.</subfield></datafield><datafield ind1=" " ind2=" " tag="752"><subfield code="a">United States</subfield><subfield code="b">Alabama</subfield><subfield code="c">Baldwin</subfield><subfield code="d">Daphne.</subfield></datafield><datafield ind1="0" ind2="0" tag="785"><subfield code="t">Baldwin times</subfield><subfield code="w">(DLC)sn 85044743</subfield></datafield></record>